@book{Chellas1980-CHEMLA-2,
	address = {New York},
	author = {Brian F. Chellas},
	editor = {},
	publisher = {Cambridge University Press},
	title = {Modal Logic: An Introduction},
	year = {1980}
}

@mastersthesis{silveira2020implementacao,
    address={Joinville},
    author={Silveira, Ariel Agne da},
    school={Bacharelado em Ci{\^e}ncia da Computa{\c{c}}{\~a}o--Centro de Ciências Tecnológicas, UDESC},
    title={Implementação de uma biblioteca de lógica modal em Coq},
    type={Projeto de Diplomação},
    year={2020}
}

@book{Blackburn2006-BLAHOM-3,
	editor = {Patrick Blackburn and Johan van Benthem and Frank Wolter},
	publisher = {Elsevier},
	title = {Handbook of Modal Logic},
	year = {2006}
}

@book{Blackburn2001-BLAML,
	address = {New York},
	author = {Patrick Blackburn},
	editor = {Maarten de Rijke and Yde Venema},
	publisher = {Cambridge University Press},
	title = {Modal Logic},
	year = {2001}
}

@InCollection{sep-aristotle-logic,
	author       =	{Smith, Robin},
	title        =	{{Aristotle’s Logic}},
	booktitle    =	{The {Stanford} Encyclopedia of Philosophy},
	editor       =	{Edward N. Zalta and Uri Nodelman},
	howpublished =	{\url{https://plato.stanford.edu/archives/win2022/entries/aristotle-logic/}},
	year         =	{2022},
	edition      =	{{W}inter 2022},
	publisher    =	{Metaphysics Research Lab, Stanford University}
}

@book{Aristotle-A,
  author = {Aristóteles},
  publisher = {Harvard University Press},
  title = {On interpretation},
  year = {1938}
}

@book{Aristotle-B,
  author = {Aristóteles},
  publisher = {Harvard University Press},
  title = {Prior analytics},
  year = {1938}
}
